@article{manysat,
  title={ManySAT: a parallel SAT solver},
  author={Hamadi, Youssef and Jabbour, Said and Sais, Lakhdar},
  journal={Journal on Satisfiability, Boolean Modeling and Computation},
  volume={6},
  pages={245--262},
  year={2008}
}

@techreport{holldobler2011modern,
  title={Modern Parallel SAT-Solvers},
  author={H{\"o}lldobler, Steffen and Manthey, Norbert and Van Hau Nguyen, Peter Steinke and Stecklina, Julian},
  year={2011},
  institution={TR 2011-6, Knowledge Representation and Reasoning Group, TU Dresden, Germany}
}

@article{gomes2008satisfiability,
  title={Satisfiability solvers},
  author={Gomes, Carla P and Kautz, Henry and Sabharwal, Ashish and Selman, Bart},
  journal={Foundations of Artificial Intelligence},
  volume={3},
  pages={89--134},
  year={2008},
  publisher={Elsevier}
}

@inproceedings{lewis2007multithreaded,
  title={Multithreaded SAT solving},
  author={Lewis, Matthew and Schubert, Tobias and Becker, Bernd},
  booktitle={Design Automation Conference, 2007. ASP-DAC'07. Asia and South Pacific},
  pages={926--931},
  year={2007},
  organization={IEEE}
}

@inproceedings{chrabakh2003gridsat,
  title={GridSAT: A chaff-based distributed SAT solver for the grid},
  author={Chrabakh, Wahid and Wolski, Rich},
  booktitle={Proceedings of the 2003 ACM/IEEE conference on Supercomputing},
  pages={37},
  year={2003},
  organization={ACM}
}

@inproceedings{schubert2005pamira,
  title={Pamira-a parallel sat solver with knowledge sharing},
  author={Schubert, Tobias and Lewis, Matthew and Becker, Bernd},
  booktitle={Microprocessor Test and Verification, 2005. MTV'05. Sixth International Workshop on},
  pages={29--36},
  year={2005},
  organization={IEEE}
}

@article{hamadi2013seven,
  title={Seven challenges in parallel SAT solving},
  author={Hamadi, Youssef and Wintersteiger, Christoph},
  journal={AI Magazine},
  volume={34},
  number={2},
  pages={99},
  year={2013}
}


@inproceedings{hyvarinen2010partitioning,
  title={Partitioning SAT instances for distributed solving},
  author={Hyv{\"a}rinen, Antti EJ and Junttila, Tommi and Niemel{\"a}, Ilkka},
  booktitle={Logic for Programming, Artificial Intelligence, and Reasoning},
  pages={372--386},
  year={2010},
  organization={Springer}
}

@article{plingeling,
  title={Lingeling, plingeling, picosat and precosat at SAT race 2010},
  author={Biere, Armin},
  journal={FMV Report Series Technical Report},
  volume={10},
  number={1},
  year={2010}
}


@misc{sc14,
  title = {{SAT Competition 2014 Benchmarks }},
  howpublished = "\url{http://www.satcompetition.org/2014/downloads.shtml }",
}

@misc{sc14-app,
  title = {{SAT Competition 2014 Application Benchmarks }},
  howpublished = "\url{http://www.satcompetition.org/2014/files/sc14-app.tar }",
}

@misc{github,
  title = {{dManySAT github repository}},
  howpublished = "\url{http://github.com/prateek-s/manysat2.0/}",
}

